  
@article{PlasticParticles,
    author = {John B. Colton and Bruce R. Burns and Frederick D. Knapp},
    journal = {Science},
    number = {4150},
    pages = {491-497},
    volume = {185},
    year = {1974},
    doi = {10.1126/science.185.4150.491},
    eprint = {https://www.science.org/doi/pdf/10.1126/science.185.4150.491},
    url = {https://www.science.org/doi/abs/10.1126/science.185.4150.491},
  }

@Manual{R,
    title = {R: A Language and Environment for Statistical Computing},
    author = {{R Core Team}},
    organization = {R Foundation for Statistical Computing},
    address = {Vienna, Austria},
    year = {2022},
    url = {https://www.R-project.org/},
  }
  
@Manual{citeODT,
    title = {opendatatoronto: Access the City of Toronto Open Data Portal},
    author = {Sharla Gelfand},
    year = {2022},
    note = {R package version 0.1.5},
    url = {https://CRAN.R-project.org/package=opendatatoronto},
  }

@Manual{dplyr,
    title = {dplyr: A Grammar of Data Manipulation},
    author = {Hadley Wickham and Romain François and Lionel Henry and Kirill Müller},
    year = {2022},
    note = {R package version 1.0.10},
    url = {https://CRAN.R-project.org/package=dplyr},
  }

@Manual{R-tidyr,
    title = {tidyr: Tidy Messy Data},
    author = {Hadley Wickham},
    year = {2021},
    note = {R package version 1.1.4},
    url = {https://CRAN.R-project.org/package=tidyr},
}

@Manual{R-tidyverse,
    title = {tidyverse: Easily Install and Load the 'Tidyverse'},
    author = {Hadley Wickham and Mara Averick},
    year = {2021},
    note = {R package version 1.3.2},
    url = {https://CRAN.R-project.org/package=tidyverse},
}

@Manual{haven,
  title = {haven: Import and Export 'SPSS', 'Stata' and 'SAS' Files},
  author = {Hadley Wickham and Evan Miller and Danny Smith},
  year = {2022},
  note = {https://haven.tidyverse.org, https://github.com/tidyverse/haven,
https://github.com/WizardMac/ReadStat},
}

@Book{ggplot,
  author = {Hadley Wickham},
  title = {ggplot2: Elegant Graphics for Data Analysis},
  publisher = {Springer-Verlag New York},
  year = {2016},
  isbn = {978-3-319-24277-4},
  url = {https://ggplot2.tidyverse.org},
}

@Manual{R-nnet,
    title = {Feed-Forward Neural Networks and Multinomial Log-Linear Models},
    author = {Brian Ripley and William Venables},
    year = {2021},
    note = {R package version 7.3-16},
    url = {https://CRAN.R-project.org/package=nnet},
}

@Manual{R-readr,
    title = {readr: Read Rectangular Text Data},
    author = {Hadley Wickham and Jim Hester and Romain Francois and Lionel Henry and Kirill Müller},
    year = {2021},
    note = {R package version 2.1.1},
    url = {https://CRAN.R-project.org/package=readr},
}

@Manual{R-knitr,
    title = {knitr: A General-Purpose Package for Dynamic Report Generation in R},
    author = {Yihui Xie},
    year = {2021},
    note = {R package version 1.36},
    url = {https://CRAN.R-project.org/package=knitr},
}

@Manual{R-kableExtra,
    title = {kableExtra: Construct Complex Table with 'kable' and Pipe Syntax},
    author = {Hao Zhu},
    year = {2021},
    note = {R package version 1.3.4},
    url = {https://CRAN.R-project.org/package=kableExtra},
}

@Manual{R-modelsummary,
  title = {{modelsummary}: Create Beautiful, Easy-to-Read Tables in {R}},
  author = {Larmarange, Joseph},
  year = {2021},
  note = {R package version 0.9.2},
  url = {https://CRAN.R-project.org/package=modelsummary},
}

@book{stock2022plastics,
author = {Stock, Friederike and Reifferscheid, Georg and Brennholt, Nicole and Kostianaia, Evgeniia},
year = {2022},
month = {01},
pages = {},
title = {Plastics in the Aquatic Environment - Part II Stakeholders' Role Against Pollution: Stakeholders' Role Against Pollution},
isbn = {978-3-030-84113-3},
doi = {10.1007/978-3-030-84114-0}
}